% !TEX TS-program = XeLaTeX
% !TEX encoding = UTF-8 Unicode

@article{elman1991distributed,
  title={Distributed representations, simple recurrent networks, and grammatical structure},
  author={Elman, Jeffrey L},
  journal={Machine learning},
  volume={7},
  number={2-3},
  pages={195--225},
  year={1991},
  publisher={Springer}
}

@inproceedings{vaswani2017attention,
  title={Attention is all you need},
  author={Vaswani, Ashish and Shazeer, Noam and Parmar, Niki and Uszkoreit, Jakob and Jones, Llion and Gomez, Aidan N and Kaiser, {\L}ukasz and Polosukhin, Illia},
  booktitle={Advances in neural information processing systems},
  pages={5998--6008},
  year={2017}
}

@article{devlin2018bert,
  title={Bert: Pre-training of deep bidirectional transformers for language understanding},
  author={Devlin, Jacob and Chang, Ming-Wei and Lee, Kenton and Toutanova, Kristina},
  journal={arXiv preprint arXiv:1810.04805},
  year={2018}
}

@inproceedings{huang2009learning,
  title={Learning brain connectivity of Alzheimer's disease from neuroimaging data},
  author={Huang, Shuai and Li, Jing and Sun, Liang and Liu, Jun and Wu, Teresa and Chen, Kewei and Fleisher, Adam and Reiman, Eric and Ye, Jieping},
  booktitle={Advances in Neural Information Processing Systems},
  pages={808--816},
  year={2009}
}

@article{zhang2012pattern,
  title={Pattern classification of large-scale functional brain networks: identification of informative neuroimaging markers for epilepsy},
  author={Zhang, Jie and Cheng, Wei and Wang, ZhengGe and Zhang, ZhiQiang and Lu, WenLian and Lu, GuangMing and Feng, Jianfeng},
  journal={PloS one},
  volume={7},
  number={5},
  year={2012},
  publisher={Public Library of Science}
}

@article{leng2006note,
  title={A note on the lasso and related procedures in model selection},
  author={Leng, Chenlei and Lin, Yi and Wahba, Grace},
  journal={Statistica Sinica},
  pages={1273--1284},
  year={2006},
  publisher={JSTOR}
}

@inproceedings{adametz2014distance,
  title={Distance-based network recovery under feature correlation},
  author={Adametz, David and Roth, Volker},
  booktitle={Advances in Neural Information Processing Systems},
  pages={775--783},
  year={2014}
}

@article{rovckova2018spike,
  title={The spike-and-slab lasso},
  author={Ro{\v{c}}kov{\'a}, Veronika and George, Edward I},
  journal={Journal of the American Statistical Association},
  volume={113},
  number={521},
  pages={431--444},
  year={2018},
  publisher={Taylor \& Francis}
}

@article{meinshausen2006high,
  title={High-dimensional graphs and variable selection with the lasso},
  author={Meinshausen, Nicolai and B{\"u}hlmann, Peter and others},
  journal={The annals of statistics},
  volume={34},
  number={3},
  pages={1436--1462},
  year={2006},
  publisher={Institute of Mathematical Statistics}
}

@article{huang2015bidirectional,
  title={Bidirectional LSTM-CRF models for sequence tagging},
  author={Huang, Zhiheng and Xu, Wei and Yu, Kai},
  journal={arXiv preprint arXiv:1508.01991},
  year={2015}
}

@book{NarcisoF2006动态系统建模与控制,
  title={动态系统建模与控制},
  language={chinese},
  author={NarcisoF.Macia and GeorgeJ.Thaler and 马奇亚 and Macia and 塞勒 and Thaler and 李乃文 and 孙江宏},
  publisher={清华大学出版社},
  year={2006},
}

@inproceedings{mikolov2010recurrent,
  title={Recurrent neural network based language model},
  author={Mikolov, Tom{\'a}{\v{s}} and Karafi{\'a}t, Martin and Burget, Luk{\'a}{\v{s}} and {\v{C}}ernock{\`y}, Jan and Khudanpur, Sanjeev},
  booktitle={Eleventh annual conference of the international speech communication association},
  year={2010}
}

@article{hochreiter1997long,
  title={Long short-term memory},
  author={Hochreiter, Sepp and Schmidhuber, J{\"u}rgen},
  journal={Neural computation},
  volume={9},
  number={8},
  pages={1735--1780},
  year={1997},
  publisher={MIT Press}
}

@article{cho2014learning,
  title={Learning phrase representations using RNN encoder-decoder for statistical machine translation},
  author={Cho, Kyunghyun and Van Merri{\"e}nboer, Bart and Gulcehre, Caglar and Bahdanau, Dzmitry and Bougares, Fethi and Schwenk, Holger and Bengio, Yoshua},
  journal={arXiv preprint arXiv:1406.1078},
  year={2014}
}

@article{goh2007human,
  title={The human disease network},
  author={Goh, Kwang-Il and Cusick, Michael E and Valle, David and Childs, Barton and Vidal, Marc and Barab{\'a}si, Albert-L{\'a}szl{\'o}},
  journal={Proceedings of the National Academy of Sciences},
  volume={104},
  number={21},
  pages={8685--8690},
  year={2007},
  publisher={National Acad Sciences}
}

@article{wang2007altered,
  title={Altered functional connectivity in early Alzheimer's disease: A resting-state fMRI study},
  author={Wang, Kun and Liang, Meng and Wang, Liang and Tian, Lixia and Zhang, Xinqing and Li, Kuncheng and Jiang, Tianzi},
  journal={Human brain mapping},
  volume={28},
  number={10},
  pages={967--978},
  year={2007},
  publisher={Wiley Online Library}
}

@article{schafer2005empirical,
  title={An empirical Bayes approach to inferring large-scale gene association networks},
  author={Sch{\"a}fer, Juliane and Strimmer, Korbinian},
  journal={Bioinformatics},
  volume={21},
  number={6},
  pages={754--764},
  year={2005},
  publisher={Oxford University Press}
}

@inproceedings{banerjee2006convex,
  title={Convex optimization techniques for fitting sparse Gaussian graphical models},
  author={Banerjee, Onureena and Ghaoui, Laurent El and d'Aspremont, Alexandre and Natsoulis, Georges},
  booktitle={Proceedings of the 23rd international conference on Machine learning},
  pages={89--96},
  year={2006}
}

@article{lee2011sparse,
  title={Sparse brain network recovery under compressed sensing},
  author={Lee, Hyekyoung and Lee, Dong Soo and Kang, Hyejin and Kim, Boong-Nyun and Chung, Moo K},
  journal={IEEE Transactions on Medical Imaging},
  volume={30},
  number={5},
  pages={1154--1165},
  year={2011},
  publisher={IEEE}
}

@article{candes2008enhancing,
  title={Enhancing sparsity by reweighted ℓ 1 minimization},
  author={Candes, Emmanuel J and Wakin, Michael B and Boyd, Stephen P},
  journal={Journal of Fourier analysis and applications},
  volume={14},
  number={5-6},
  pages={877--905},
  year={2008},
  publisher={Springer}
}

@inproceedings{wee2012constrained,
  title={Constrained sparse functional connectivity networks for MCI classification},
  author={Wee, Chong-Yaw and Yap, Pew-Thian and Zhang, Daoqiang and Wang, Lihong and Shen, Dinggang},
  booktitle={International Conference on Medical Image Computing and Computer-Assisted Intervention},
  pages={212--219},
  year={2012},
  organization={Springer}
}

@article{王军2018基于协方差矩阵稀疏表示的交互行为识别方法,
  title={基于协方差矩阵稀疏表示的交互行为识别方法 (英文)},
  language={chinese},
  author={王军 and 周思超 and 夏利民},
  journal={Journal of Central South University},
  volume={25},
  number={2},
  pages={5},
  year={2018}
}

@article{张轩轩2019高维成分数据的精度矩阵估计,
  title={高维成分数据的精度矩阵估计 Large Precision Matrix Estimation for Compositional Data},
  language={chinese},
  author={张轩轩 and 何凤霞 and others},
  journal={Statistics and Application},
  volume={8},
  number={05},
  pages={777},
  year={2019},
  publisher={Scientific Research Publishing}
}

@article{郭艳2012基于协方差矩阵重构的,
  title={基于协方差矩阵重构的 DOA 估计方法},
  language={chinese},
  author={郭艳 and 刘学亮 and 李宁 and 王金龙},
  journal={解放军理工大学学报 (自然科学版)},
  volume={13},
  number={1},
  pages={1--5},
  year={2012}
}

@article{zou2006adaptive,
  title={The adaptive lasso and its oracle properties},
  author={Zou, Hui},
  journal={Journal of the American statistical association},
  volume={101},
  number={476},
  pages={1418--1429},
  year={2006},
  publisher={Taylor \& Francis}
}

@article{liu2009slep,
  title={SLEP: Sparse learning with efficient projections},
  author={Liu, Jun and Ji, Shuiwang and Ye, Jieping and others},
  journal={Arizona State University},
  volume={6},
  number={491},
  pages={7},
  year={2009},
  publisher={Citeseer}
}

@article{chang2011libsvm,
  title={LIBSVM: A library for support vector machines},
  author={Chang, Chih-Chung and Lin, Chih-Jen},
  journal={ACM transactions on intelligent systems and technology (TIST)},
  volume={2},
  number={3},
  pages={1--27},
  year={2011},
  publisher={Acm New York, NY, USA}
}

@article{candes2008introduction,
  title={An introduction to compressive sampling},
  author={Cand{\`e}s, Emmanuel J and Wakin, Michael B},
  journal={IEEE signal processing magazine},
  volume={25},
  number={2},
  pages={21--30},
  year={2008},
  publisher={IEEE}
}

@article{salman2012fast,
  title={Fast and Accurate Algorithms for Re-Weighted L1-Norm Minimization},
  author={Salman Asif, M and Romberg, Justin},
  journal={arXiv preprint arXiv:1208.0651},
  year={2012}
}

@article{beck2009gradient,
  title={Gradient-based algorithms with applications to signal recovery},
  author={Beck, Amir and Teboulle, Marc},
  journal={Convex optimization in signal processing and communications},
  pages={42--88},
  year={2009}
}

@article{parikh2014proximal,
  title={Proximal algorithms},
  author={Parikh, Neal and Boyd, Stephen and others},
  journal={Foundations and Trends{\textregistered} in Optimization},
  volume={1},
  number={3},
  pages={127--239},
  year={2014},
  publisher={Now Publishers, Inc.}
}

@book{horn2012matrix,
  title={Matrix analysis},
  author={Horn, Roger A and Johnson, Charles R},
  year={2012},
  publisher={Cambridge university press}
}

@book{周志华2016机器学习,
  title={机器学习},
  language={c},
  author={周志华},
  year={2016},
  publisher={清华大学出版社}
}

@article{lecun1998gradient,
  title={Gradient-based learning applied to document recognition},
  author={LeCun, Yann and Bottou, L{\'e}on and Bengio, Yoshua and Haffner, Patrick},
  journal={Proceedings of the IEEE},
  volume={86},
  number={11},
  pages={2278--2324},
  year={1998},
  publisher={Ieee}
}

@inproceedings{krizhevsky2012imagenet,
  title={Imagenet classification with deep convolutional neural networks},
  author={Krizhevsky, Alex and Sutskever, Ilya and Hinton, Geoffrey E},
  booktitle={Advances in neural information processing systems},
  pages={1097--1105},
  year={2012}
}

@article{kipf2016semi,
  title={Semi-supervised classification with graph convolutional networks},
  author={Kipf, Thomas N and Welling, Max},
  journal={arXiv preprint arXiv:1609.02907},
  year={2016}
}

@book{moore2017matlab,
  title={MATLAB for Engineers},
  author={Moore, Holly},
  year={2017},
  publisher={Pearson}
}

@book{李庆扬2001数值分析,
  title={数值分析},
  language={c},
  author={李庆扬},
  year={2001},
  publisher={清华大学出版社有限公司}
}

@book{ketkar2017deep,
  title={Deep Learning with Python},
  author={Ketkar, Nikhil and others},
  volume={1},
  year={2017},
  publisher={Springer}
}

@article{黄一天2018Pytorch,
  title={Pytorch框架下基于卷积神经网络实现手写数字识别},
  language={c},
  author={黄一天 and 陈芝彤},
  journal={电子技术与软件工程},
  volume={141},
  number={19},
  pages={163},
  year={2018},
}
译

@article{huang2018applications,
  title={Applications of support vector machine (SVM) learning in cancer genomics},
  author={Huang, Shujun and Cai, Nianguang and Pacheco, Pedro Penzuti and Narrandes, Shavira and Wang, Yang and Xu, Wayne},
  journal={Cancer Genomics-Proteomics},
  volume={15},
  number={1},
  pages={41--51},
  year={2018},
  publisher={International Institute of Anticancer Research}
}

@article{schmidt2018linear,
  title={Linear regression and the normality assumption},
  author={Schmidt, Amand F and Finan, Chris},
  journal={Journal of clinical epidemiology},
  volume={98},
  pages={146--151},
  year={2018},
  publisher={Elsevier}
}

@book{olive2017linear,
  title={Linear regression},
  author={Olive, David J},
  year={2017},
  publisher={Springer}
}

@article{kibria2003performance,
  title={Performance of some new ridge regression estimators},
  author={Kibria, BM Golam},
  journal={Communications in Statistics-Simulation and Computation},
  volume={32},
  number={2},
  pages={419--435},
  year={2003},
  publisher={Taylor \& Francis}
}

@article{reid2016study,
  title={A study of error variance estimation in lasso regression},
  author={Reid, Stephen and Tibshirani, Robert and Friedman, Jerome},
  journal={Statistica Sinica},
  pages={35--67},
  year={2016},
  publisher={JSTOR}
}

@article{arora2016analysis,
  title={Analysis of k-means and k-medoids algorithm for big data},
  author={Arora, Preeti and Varshney, Shipra and others},
  journal={Procedia Computer Science},
  volume={78},
  pages={507--512},
  year={2016},
  publisher={Elsevier}
}

@book{sogge2017fourier,
  title={Fourier integrals in classical analysis},
  author={Sogge, Christopher D},
  volume={210},
  year={2017},
  publisher={Cambridge University Press}
}

@article{kingma2014adam,
  title={Adam: A method for stochastic optimization},
  author={Kingma, Diederik P and Ba, Jimmy},
  journal={arXiv preprint arXiv:1412.6980},
  year={2014}
}

@article{Jin2020Parkinson,
author = {Jin, Bo and Qu, Yue and Zhang, Liang and Gao, Zhan},
year = {2020},
month = {03},
pages = {},
title = {Research on Diagnosing Parkinson’s Disease through Facial Expression Recognition},
journal = {Journal of Medical Internet Research},
doi = {10.2196/18697}
}

@inproceedings{jin2018treatment,
  title={A treatment engine by predicting next-period prescriptions},
  author={Jin, Bo and Yang, Haoyu and Sun, Leilei and Liu, Chuanren and Qu, Yue and Tong, Jianing},
  booktitle={Proceedings of the 24th ACM SIGKDD International Conference on Knowledge Discovery \& Data Mining},
  pages={1608--1616},
  year={2018}
}

@article{Tsanas2012Novel,
author = {Tsanas, Athanasios and Little, Max and Mcsharry, Patrick and Spielman, Jennifer and Ramig, Lorraine},
year = {2012},
month = {01},
pages = {1264-71},
title = {Novel Speech Signal Processing Algorithms for High-Accuracy Classification of Parkinson's Disease},
volume = {59},
journal = {IEEE transactions on bio-medical engineering},
doi = {10.1109/TBME.2012.2183367}
}
